@misc{Patel_hexgrid,
	title= {Implementation of Hex Grids},
    author= {Amit Patel},
	year= {2015},
    howpublished={Available at: \url{https://www.redblobgames.com/grids/hexagons/implementation.html}},
    note={Accessed: 16/12/2017}
}

@misc{Patel_hex,
	title= {Hexagonal Grids},
    author= {Amit Patel},
	year= {2015},
    howpublished={Available at: \url{https://www.redblobgames.com/grids/hexagons/}},
    note={Accessed: 16/12/2017}
}

@misc{Patel_map,
	title= {Polygonal Map Generation for Games},
    author= {Amit Patel},
	year= {2010},
    howpublished={Available at: \url{http://www-cs-students.stanford.edu/~amitp/game-programming/polygon-map-generation/}},
    note={Accessed: 16/12/2017}
}

@misc{explorminate_core,
	title= {The Core Mechanism of 4x},
    author= {Troy Costisick},
    publisher= {explorminate},
	year= {2017},
    howpublished={Available at: \url{https://explorminate.net/2017/07/31/the-core-mechanism-of-4x-part-1-an-exposition/}},
    note={Accessed: 16/12/2017}
}

@misc{explorminate_endgame,
	title= {The End Game and its Follies},
    author= {Robert Honaker},
	year= {2015},
    publisher= {explorminate},
    howpublished={Available at: \url{https://explorminate.net/2015/01/15/the-end-game-and-its-follies/}},
    note={Accessed: 16/12/2017}
}

@misc{Tuur_techtree,
	title= {Technology Trees: Freedom and Determinism in Historical Strategy Games},
    author= {Tuur Ghys},
	year= {2012},
    howpublished={Available at: \url{http://www.gamestudies.org/1201/articles/tuur_ghys}},
    note={Accessed: 16/12/2017}
}

@misc{OpenTTD_industries,
	title= {Industries in OpenTTD},
    author= {{OpenTTD Wiki}},
	year= {2016},
    howpublished={Available at: \url{https://wiki.openttd.org/Industries}},
    note={Accessed: 16/12/2017}
}

@misc{Pixi,
	title= {PixiJS â€” The HTML5 Creation Engine},
    author= {{PixiJS team}},
	year= {2017},
    howpublished={Available at: \url{https://github.com/pixijs/pixi.js}},
    note={Accessed: 16/12/2017}
}

@misc{Angular,
	title= {AngularJS},
    author= {{AngularJS team}},
	year= {2017},
    howpublished={Available at: \url{https://github.com/angular/angular.js}},
    note={Accessed: 16/12/2017}
}



@misc{Scala,
	title= {Scala: Introduction},
    author= {Martin Odersky and Lex Spoon},
	year= {2018},
    howpublished={Available at: \url{http://docs.scala-lang.org/overviews/collections/introduction.html}},
    note={Accessed: 16/12/2017}
}

@misc{Maven,
	title= {Apache Maven Project: Introduction},
    author= {{Apache Software Foundation}},
	year= {2018},
    howpublished={Available at: \url{https://maven.apache.org/what-is-maven.html}},
    note={Accessed: 16/12/2017}
}


@misc{Scrum,
	title= {Scrum Methodology},
    author= {Michael James},
	year= {2013},
    howpublished={Available at: \url{http://scrummethodology.com/}},
    note={Accessed: 16/12/2017}
}




